<?xml version="1.0" encoding="UTF-8"?><collection xmlns="http://www.loc.gov/MARC21/slim"><record><leader>00368nam--2200133-i-4500</leader><controlfield tag="001">000016891</controlfield><controlfield tag="002">20161230</controlfield><controlfield tag="005">20161230201032</controlfield><controlfield tag="008">060222s1000------------r-----000-0-eng-d</controlfield><datafield ind1=" " ind2=" " tag="080"><subfield code="a">539.17</subfield></datafield><datafield ind1=" " ind2=" " tag="245"><subfield code="a">The index to literature and computer files on microscopic neutron data</subfield></datafield><datafield ind1=" " ind2=" " tag="260"><subfield code="a">Vienna, Iaea, 1990. 199 P.+annexe</subfield></datafield><datafield ind1=" " ind2=" " tag="490"><subfield code="a">Cinda 90.(1988-1990)</subfield></datafield><datafield ind1=" " ind2=" " tag="852"><subfield code="a">79041</subfield></datafield></record></collection>